@inproceedings{asano2009performance,
  title={Performance comparison of FPGA, GPU and CPU in image processing},
  author={Asano, Shuichi and Maruyama, Tsutomu and Yamaguchi, Yoshiki},
  booktitle={Field Programmable Logic and Applications, 2009. FPL 2009. International Conference on},
  pages={126--131},
  year={2009},
  organization={IEEE}
}

@article{li2017fast,
  title={Fast FPGA prototyping for real-time image processing with very high-level synthesis},
  author={Li, Chao and Bi, Yanjing and Marzani, Franck and Yang, Fan},
  journal={Journal of Real-Time Image Processing},
  pages={1--18},
  year={2017},
  publisher={Springer}
}

@inproceedings{toet2016multiscale,
  title={Multiscale image fusion through guided filtering},
  author={Toet, Alexander and Hogervorst, Maarten A},
  booktitle={SPIE Security+ Defence},
  pages={99970J--99970J},
  year={2016},
  organization={International Society for Optics and Photonics}
}

@article{li2013image,
  title={Image fusion with guided filtering},
  author={Li, Shutao and Kang, Xudong and Hu, Jianwen},
  journal={IEEE Transactions on Image Processing},
  volume={22},
  number={7},
  pages={2864--2875},
  year={2013},
  publisher={IEEE}
}

@article{marvin2018crf,
  title={Convolutional CRFs for Semantic Segmentation},
  author={Marvin T.T. Teichmann, Roberto Cipolla},
  Journal={arXiv:https://arxiv.org/pdf/1805.04777.pdf},
  year={2018}
}

@inproceedings{chen18iterative,
    author = {Xinlei Chen and Li-Jia Li and Li Fei-Fei and Abhinav Gupta},
    title = {Iterative Visual Reasoning Beyond Convolutions},
    booktitle = {Proceedings of the IEEE Conference on Computer Vision and Pattern Recognition},
    Year = {2018}
}

@inproceedings{YuKoltun2016,
	author    = {Fisher Yu and Vladlen Koltun},
	title     = {Multi-Scale Context Aggregation by Dilated Convolutions},
	booktitle = {ICLR},
	year      = {2016},
}


@ARTICLE{Fcn2014,
   author = {{Long}, J. and {Shelhamer}, E. and {Darrell}, T.},
    title = "{Fully Convolutional Networks for Semantic Segmentation}",
  journal = {ArXiv e-prints},
archivePrefix = "arXiv",
   eprint = {1411.4038},
 primaryClass = "cs.CV",
 keywords = {Computer Science - Computer Vision and Pattern Recognition},
     year = 2014,
    month = nov,
   adsurl = {http://adsabs.harvard.edu/abs/2014arXiv1411.4038L},
  adsnote = {Provided by the SAO/NASA Astrophysics Data System}
}


@ARTICLE{WangWang2018DeLS,
   author = {{Wang}, P. and {Yang}, R. and {Cao}, B. and {Xu}, W. and {Lin}, Y.
	},
    title = "{DeLS-3D: Deep Localization and Segmentation with a 3D Semantic Map}",
  journal = {ArXiv e-prints},
archivePrefix = "arXiv",
   eprint = {1805.04949},
 primaryClass = "cs.CV",
 keywords = {Computer Science - Computer Vision and Pattern Recognition},
     year = 2018,
    month = may,
   adsurl = {http://adsabs.harvard.edu/abs/2018arXiv180504949W},
  adsnote = {Provided by the SAO/NASA Astrophysics Data System}
}

@ARTICLE{Xu2018PADNet,
   author = {{Xu}, D. and {Ouyang}, W. and {Wang}, X. and {Sebe}, N.},
    title = "{PAD-Net: Multi-Tasks Guided Prediction-and-Distillation Network for Simultaneous Depth Estimation and Scene Parsing}",
  journal = {ArXiv e-prints},
archivePrefix = "arXiv",
   eprint = {1805.04409},
 primaryClass = "cs.CV",
 keywords = {Computer Science - Computer Vision and Pattern Recognition},
     year = 2018,
    month = may,
   adsurl = {http://adsabs.harvard.edu/abs/2018arXiv180504409X},
  adsnote = {Provided by the SAO/NASA Astrophysics Data System}
}


@ARTICLE{Mehta2018OD200,
   author = {{Mehta}, R. and {Ozturk}, C.},
    title = "{Object detection at 200 Frames Per Second}",
  journal = {ArXiv e-prints},
archivePrefix = "arXiv",
   eprint = {1805.06361},
 primaryClass = "cs.CV",
 keywords = {Computer Science - Computer Vision and Pattern Recognition},
     year = 2018,
    month = may,
   adsurl = {http://adsabs.harvard.edu/abs/2018arXiv180506361M},
  adsnote = {Provided by the SAO/NASA Astrophysics Data System}
}

@ARTICLE{Wang2018DenseSLAMNet,
   author = {{Wang}, R. and {Frahm}, J.-M. and {Pizer}, S.~M.},
    title = "{Recurrent Neural Network for Learning DenseDepth and Ego-Motion from Video}",
  journal = {ArXiv e-prints},
archivePrefix = "arXiv",
   eprint = {1805.06558},
 primaryClass = "cs.CV",
 keywords = {Computer Science - Computer Vision and Pattern Recognition},
     year = 2018,
    month = may,
   adsurl = {http://adsabs.harvard.edu/abs/2018arXiv180506558W},
  adsnote = {Provided by the SAO/NASA Astrophysics Data System}
}

@ARTICLE{Silvia2018Recurrent,
	author = {Silvia L. Pintea, Yue Liu, Jan C. van Gemert},
	 title = "{Recurrent knowledge distillation}",
   journal = {ArXiv e-prints},
archivePrefix = "arXiv",
      year = 2018,
     month = may
}

@article{Felzenszwalb2004,
author = {Felzenszwalb, Pedro F and Huttenlocher, Daniel P},
doi = {10.1023/B:VISI.0000022288.19776.77},
issn = {1573-1405},
journal = {International Journal of Computer Vision},
number = {2},
pages = {167--181},
title = {{Efficient Graph-Based Image Segmentation}},
url = {https://doi.org/10.1023/B:VISI.0000022288.19776.77},
volume = {59},
year = {2004}
}

@Article{Uijlings2013,
author="Uijlings, J. R. R.
and van de Sande, K. E. A.
and Gevers, T.
and Smeulders, A. W. M.",
title="Selective Search for Object Recognition",
journal="International Journal of Computer Vision",
year="2013",
month="Sep",
day="01",
volume="104",
number="2",
pages="154--171",
issn="1573-1405",
doi="10.1007/s11263-013-0620-5",
url="https://doi.org/10.1007/s11263-013-0620-5"
}

Query Results from the ADS Database


Retrieved 1 abstracts, starting with number 1.  Total number selected: 1.

@ARTICLE{Hui2018LiteFlowNet,
   author = {{Hui}, T.-W. and {Tang}, X. and {Change Loy}, C.},
    title = "{LiteFlowNet: A Lightweight Convolutional Neural Network for Optical Flow Estimation}",
  journal = {ArXiv e-prints},
archivePrefix = "arXiv",
   eprint = {1805.07036},
 primaryClass = "cs.CV",
 keywords = {Computer Science - Computer Vision and Pattern Recognition},
     year = 2018,
    month = may,
   adsurl = {http://adsabs.harvard.edu/abs/2018arXiv180507036H},
  adsnote = {Provided by the SAO/NASA Astrophysics Data System}
}

Query Results from the ADS Database


Retrieved 1 abstracts, starting with number 1.  Total number selected: 1.

@ARTICLE{Xiang2017DARNN,
   author = {{Xiang}, Y. and {Fox}, D.},
    title = "{DA-RNN: Semantic Mapping with Data Associated Recurrent Neural Networks}",
  journal = {ArXiv e-prints},
archivePrefix = "arXiv",
   eprint = {1703.03098},
 primaryClass = "cs.CV",
 keywords = {Computer Science - Computer Vision and Pattern Recognition, Computer Science - Robotics},
     year = 2017,
    month = mar,
   adsurl = {http://adsabs.harvard.edu/abs/2017arXiv170303098X},
  adsnote = {Provided by the SAO/NASA Astrophysics Data System}
}

@incollection{Goodfellow2014GAN,
title = {Generative Adversarial Nets},
author = {Goodfellow, Ian and Pouget-Abadie, Jean and Mirza, Mehdi and Xu, Bing and Warde-Farley, David and Ozair, Sherjil and Courville, Aaron and Bengio, Yoshua},
booktitle = {Advances in Neural Information Processing Systems 27},
editor = {Z. Ghahramani and M. Welling and C. Cortes and N. D. Lawrence and K. Q. Weinberger},
pages = {2672--2680},
year = {2014},
publisher = {Curran Associates, Inc.},
url = {http://papers.nips.cc/paper/5423-generative-adversarial-nets.pdf}
}

@ARTICLE{Meaningful2016,
   author = {{S{\"u}nderhauf}, N. and {Pham}, T.~T. and {Latif}, Y. and {Milford}, M. and 
	{Reid}, I.},
    title = "{Meaningful Maps With Object-Oriented Semantic Mapping}",
  journal = {ArXiv e-prints},
archivePrefix = "arXiv",
   eprint = {1609.07849},
 primaryClass = "cs.RO",
 keywords = {Computer Science - Robotics},
     year = 2016,
    month = sep,
   adsurl = {http://adsabs.harvard.edu/abs/2016arXiv160907849S},
  adsnote = {Provided by the SAO/NASA Astrophysics Data System}
}

@ARTICLE{SemanticFusion2016,
   author = {{McCormac}, J. and {Handa}, A. and {Davison}, A. and {Leutenegger}, S.
	},
    title = "{SemanticFusion: Dense 3D Semantic Mapping with Convolutional Neural Networks}",
  journal = {ArXiv e-prints},
archivePrefix = "arXiv",
   eprint = {1609.05130},
 primaryClass = "cs.CV",
 keywords = {Computer Science - Computer Vision and Pattern Recognition},
     year = 2016,
    month = sep,
   adsurl = {http://adsabs.harvard.edu/abs/2016arXiv160905130M},
  adsnote = {Provided by the SAO/NASA Astrophysics Data System}
}

@article{Felzenszwalb2004Efficient,
  title={Efficient Graph-Based Image Segmentation},
  author={Felzenszwalb, Pedro F. and Huttenlocher, Daniel P.},
  journal={International Journal of Computer Vision},
  volume={59},
  number={2},
  pages={167-181},
  year={2004},
}

@inproceedings{Pham2016Geometrically,
  title={Geometrically consistent plane extraction for dense indoor 3D maps segmentation},
  author={Pham, Trung T. and Eich, Markus and Reid, Ian and Wyeth, Gordon},
  booktitle={Ieee/rsj International Conference on Intelligent Robots and Systems},
  pages={4199-4204},
  year={2016},
}


@ARTICLE{Attention2014,
   author = {{Mnih}, V. and {Heess}, N. and {Graves}, A. and {Kavukcuoglu}, K.
	},
    title = "{Recurrent Models of Visual Attention}",
  journal = {ArXiv e-prints},
archivePrefix = "arXiv",
   eprint = {1406.6247},
 primaryClass = "cs.LG",
 keywords = {Computer Science - Learning, Computer Science - Computer Vision and Pattern Recognition, Statistics - Machine Learning},
     year = 2014,
    month = jun,
   adsurl = {http://adsabs.harvard.edu/abs/2014arXiv1406.6247M},
  adsnote = {Provided by the SAO/NASA Astrophysics Data System}
}

@ARTICLE{ReSeg2015,
   author = {{Visin}, F. and {Ciccone}, M. and {Romero}, A. and {Kastner}, K. and 
	{Cho}, K. and {Bengio}, Y. and {Matteucci}, M. and {Courville}, A.
	},
    title = "{ReSeg: A Recurrent Neural Network-based Model for Semantic Segmentation}",
  journal = {ArXiv e-prints},
archivePrefix = "arXiv",
   eprint = {1511.07053},
 primaryClass = "cs.CV",
 keywords = {Computer Science - Computer Vision and Pattern Recognition, Computer Science - Learning},
     year = 2015,
    month = nov,
   adsurl = {http://adsabs.harvard.edu/abs/2015arXiv151107053V},
  adsnote = {Provided by the SAO/NASA Astrophysics Data System}
}

@ARTICLE{U-Net2015,
   author = {{Ronneberger}, O. and {Fischer}, P. and {Brox}, T.},
    title = "{U-Net: Convolutional Networks for Biomedical Image Segmentation}",
  journal = {ArXiv e-prints},
archivePrefix = "arXiv",
   eprint = {1505.04597},
 primaryClass = "cs.CV",
 keywords = {Computer Science - Computer Vision and Pattern Recognition},
     year = 2015,
    month = may,
   adsurl = {http://adsabs.harvard.edu/abs/2015arXiv150504597R},
  adsnote = {Provided by the SAO/NASA Astrophysics Data System}
}

@ARTICLE{SemanticVisualLocalization2017,
   author = {{Sch{\"o}nberger}, J.~L. and {Pollefeys}, M. and {Geiger}, A. and 
	{Sattler}, T.},
    title = "{Semantic Visual Localization}",
  journal = {ArXiv e-prints},
archivePrefix = "arXiv",
   eprint = {1712.05773},
 primaryClass = "cs.CV",
 keywords = {Computer Science - Computer Vision and Pattern Recognition},
     year = 2017,
    month = dec,
   adsurl = {http://adsabs.harvard.edu/abs/2017arXiv171205773S},
  adsnote = {Provided by the SAO/NASA Astrophysics Data System}
}

@inproceedings{he2014spatial,
  title={Spatial pyramid pooling in deep convolutional networks for visual recognition},
  author={He, Kaiming and Zhang, Xiangyu and Ren, Shaoqing and Sun, Jian},
  booktitle={european conference on computer vision},
  pages={346--361},
  year={2014},
  organization={Springer}
}

@inproceedings{scona2018staticfusion,
  title={StaticFusion: Background Reconstruction for Dense RGB-D SLAM in Dynamic Environments},
  author={Scona, Raluca and Jaimez, Mariano and Petillot, Yvan R and Fallon, Maurice and Cremers, Daniel},
  year={2018},
  organization={Institute of Electrical and Electronics Engineers}
}

@article{teichmann2018convolutional,
  title={Convolutional CRFs for Semantic Segmentation},
  author={Teichmann, Marvin TT and Cipolla, Roberto},
  journal={arXiv preprint arXiv:1805.04777},
  year={2018}
}

@inproceedings{runz2017co,
  title={Co-fusion: Real-time segmentation, tracking and fusion of multiple objects},
  author={R{\"u}nz, Martin and Agapito, Lourdes},
  booktitle={Robotics and Automation (ICRA), 2017 IEEE International Conference on},
  pages={4471--4478},
  year={2017},
  organization={IEEE}
}

@ARTICLE{senet2017hu,
   author = {{Hu}, J. and {Shen}, L. and {Sun}, G.},
    title = "{Squeeze-and-Excitation Networks}",
  journal = {ArXiv e-prints},
archivePrefix = "arXiv",
   eprint = {1709.01507},
 primaryClass = "cs.CV",
 keywords = {Computer Science - Computer Vision and Pattern Recognition},
     year = 2017,
    month = sep,
   adsurl = {http://adsabs.harvard.edu/abs/2017arXiv170901507H},
  adsnote = {Provided by the SAO/NASA Astrophysics Data System}
}

@ARTICLE{maskrcnn2017he,
   author = {{He}, K. and {Gkioxari}, G. and {Doll{\'a}r}, P. and {Girshick}, R.
	},
    title = "{Mask R-CNN}",
  journal = {ArXiv e-prints},
archivePrefix = "arXiv",
   eprint = {1703.06870},
 primaryClass = "cs.CV",
 keywords = {Computer Science - Computer Vision and Pattern Recognition},
     year = 2017,
    month = mar,
   adsurl = {http://adsabs.harvard.edu/abs/2017arXiv170306870H},
  adsnote = {Provided by the SAO/NASA Astrophysics Data System}
}


@article{hu2017learning,
  title={Learning to Segment Every Thing},
  author={Hu, Ronghang and Doll{\'a}r, Piotr and He, Kaiming and Darrell, Trevor and Girshick, Ross},
  journal={arXiv preprint arXiv:1711.10370},
  year={2017}
}

@inproceedings{liu2018path,
  title={Path aggregation network for instance segmentation},
  author={Liu, Shu and Qi, Lu and Qin, Haifang and Shi, Jianping and Jia, Jiaya},
  booktitle={Proceedings of the IEEE Conference on Computer Vision and Pattern Recognition},
  pages={8759--8768},
  year={2018}
}

@article{ren2017end,
  title={End-to-end instance segmentation with recurrent attention},
  author={Ren, Mengye and Zemel, Richard S},
  journal={arXiv preprint arXiv:1605.09410},
  year={2017}
}

@article{li2016fully,
  title={Fully convolutional instance-aware semantic segmentation},
  author={Li, Yi and Qi, Haozhi and Dai, Jifeng and Ji, Xiangyang and Wei, Yichen},
  journal={arXiv preprint arXiv:1611.07709},
  year={2016}
}

@article{iglovikov2018ternausnetv2,
  title={TernausNetV2: Fully Convolutional Network for Instance Segmentation},
  author={Iglovikov, Vladimir I and Seferbekov, Selim and Buslaev, Alexander V and Shvets, Alexey},
  journal={arXiv preprint arXiv:1806.00844},
  year={2018}
}

@inproceedings{gupta2014learning,
  title={Learning rich features from RGB-D images for object detection and segmentation},
  author={Gupta, Saurabh and Girshick, Ross and Arbel{\'a}ez, Pablo and Malik, Jitendra},
  booktitle={European Conference on Computer Vision},
  pages={345--360},
  year={2014},
  organization={Springer}
}

@inproceedings{eitel2015multimodal,
  title={Multimodal deep learning for robust RGB-D object recognition},
  author={Eitel, Andreas and Springenberg, Jost Tobias and Spinello, Luciano and Riedmiller, Martin and Burgard, Wolfram},
  booktitle={Intelligent Robots and Systems (IROS), 2015 IEEE/RSJ International Conference on},
  pages={681--687},
  year={2015},
  organization={IEEE}
}

@inproceedings{qi20173d,
  title={3d graph neural networks for rgbd semantic segmentation},
  author={Qi, Xiaojuan and Liao, Renjie and Jia, Jiaya and Fidler, Sanja and Urtasun, Raquel},
  booktitle={Proceedings of the IEEE Conference on Computer Vision and Pattern Recognition},
  pages={5199--5208},
  year={2017}
}

